@online{PlanckLegacy,
  title = {Planck Legacy Archive},
  url = {https://pla.esac.esa.int/pla/},
  year = {2025},
  urldate = {2025-05-15}
}

@online{QiskitDocs,
  title = {Qiskit Documentation},
  url = {https://qiskit.org/documentation/},
  year = {2025},
  urldate = {2025-05-15}
}

@online{AstropyFITS,
  title = {Astropy FITS Handling},
  url = {https://docs.astropy.org/en/stable/io/fits/},
  year = {2025},
  urldate = {2025-05-15}
}
